@article{PhysRevB.48.418,
  title     = {Cluster expansion for the self-energy: A simple many-body method for interpreting the photoemission spectra of correlated Fermi systems},
  author    = {Gros, Claudius and Valent\'{\i}, Roser},
  journal   = {Phys. Rev. B},
  volume    = {48},
  issue     = {1},
  pages     = {418--425},
  numpages  = {0},
  year      = {1993},
  month     = {Jul},
  publisher = {American Physical Society},
  doi       = {10.1103/PhysRevB.48.418},
  url       = {https://link.aps.org/doi/10.1103/PhysRevB.48.418}
}

@article{PhysRevLett.84.522,
  title     = {Spectral Weight of the Hubbard Model through Cluster Perturbation Theory},
  author    = {S\'en\'echal, D. and Perez, D. and Pioro-Ladri\`ere, M.},
  journal   = {Phys. Rev. Lett.},
  volume    = {84},
  issue     = {3},
  pages     = {522--525},
  numpages  = {0},
  year      = {2000},
  month     = {Jan},
  publisher = {American Physical Society},
  doi       = {10.1103/PhysRevLett.84.522},
  url       = {https://link.aps.org/doi/10.1103/PhysRevLett.84.522}
}
